% -*-coding: utf-8 -*-
@article{simon1992implementation,
	title={On the implementation and performance of single and double differential detection schemes},
	author={Simon, Marvin K and Divsalar, Dariush},
	journal={Communications, IEEE Transactions on},
	volume={40},
	number={2},
	pages={278--291},
	year={1992},
	publisher={IEEE}
}

@article{liu2014long,
	title={Long-Range Double-Differentially Coded Spread-Spectrum Acoustic Communications With a Towed Array},
	author={Liu, Zhiqiang and Yoo, Kwang and Yang, TC and Cho, Steve E and Song, HC and Ensberg, David E},
	journal={Oceanic Engineering, IEEE Journal of},
	volume={39},
	number={3},
	pages={482--490},
	year={2014},
	publisher={IEEE}
}
@book{俊英1992水下声信道,
	title={水下声信道},
	author={惠俊英},
	year={1992},
	publisher={国防工业出版社}
}

@book{文元美2005现代通信原理,
	title={现代通信原理},
	author={文元美 and 张树群 and 林家薇 and 黄爱华},
	year={2005},
	publisher={科学出版社}
}

@mastersthesis{杨倬2006基于扩频技术的水下通信技术研究,
	title={基于扩频技术的水下通信技术研究},
	author={杨倬},
	year={2006},
	address={西安},
	school={西北工业大学}
}

@book{田坦2009声呐技术,
	author = {田坦},
	title = {声呐技术},
	year = {2009},
	publisher={哈尔滨工程大学},
}

@article{press2007numerical,
	title={Numerical recipes:: the art of scientific computing},
	author={Press, William H},
	year={2007}
}

@inproceedings{farrokhi2008performance,
	title={Performance of root-MUSIC on TOA estimation for an indoor spread spectrum ranging system},
	author={Farrokhi, Hamind},
	booktitle={WSEAS International Conference. Proceedings. Mathematics and Computers in Science and Engineering},
	number={12},
	year={2008},
	organization={World Scientific and Engineering Academy and Society}
}
